<collection>
<record>
<leader>06669cpcaa22009137a 4500</leader>
<controlfield tag="001">11797538</controlfield>
<controlfield tag="005">20231101153959.0</controlfield>
<controlfield tag="008">990511i19571989dcu eng </controlfield>
<datafield ind1=" " ind2=" " tag="906">
<subfield code="a">7</subfield>
<subfield code="b">cbc</subfield>
<subfield code="c">orignew</subfield>
<subfield code="d">u</subfield>
<subfield code="e">ncip</subfield>
<subfield code="f">19</subfield>
<subfield code="g">y-folklife</subfield>
</datafield>
<datafield ind1=" " ind2=" " tag="955">
<subfield code="a">
mlf ?/?/96 ; shal 09/25/99; cker 11/12/99; kblu 06-26-00; mkru 2004-07-23; mkru 2004-09-30; mkru 2005-07-13; mkru 2010-08-25; mkru 2012-02-24; cker 2012-03-01;
</subfield>
<subfield code="a">mseg 2013-01-07</subfield>
<subfield code="a">masmit 2023-11-01</subfield>
</datafield>
<datafield ind1=" " ind2=" " tag="010">
<subfield code="a"> 2004695190</subfield>
</datafield>
<datafield ind1="2" ind2="0" tag="033">
<subfield code="a">1959----</subfield>
<subfield code="a">1962----</subfield>
</datafield>
<datafield ind1=" " ind2=" " tag="035">
<subfield code="a">afc95000006</subfield>
</datafield>
<datafield ind1=" " ind2=" " tag="035">
<subfield code="a">89935</subfield>
</datafield>
<datafield ind1=" " ind2=" " tag="040">
<subfield code="a">DLC</subfield>
<subfield code="c">DLC</subfield>
<subfield code="e">appm</subfield>
<subfield code="d">DLC</subfield>
<subfield code="d">DLC</subfield>
</datafield>
<datafield ind1="0" ind2=" " tag="041">
<subfield code="a">eng</subfield>
<subfield code="d">ara</subfield>
<subfield code="d">ber</subfield>
<subfield code="d">heb</subfield>
</datafield>
<datafield ind1=" " ind2=" " tag="043">
<subfield code="a">f-mr---</subfield>
</datafield>
<datafield ind1=" " ind2=" " tag="090">
<subfield code="a">RXG 6659-6728</subfield>
</datafield>
<datafield ind1=" " ind2=" " tag="090">
<subfield code="a">
AFS 11623-11687; LWO 3068; LWO 8527 R93-100; LWO 12419 R1-19
</subfield>
</datafield>
<datafield ind1=" " ind2=" " tag="090">
<subfield code="a">AFS 12016-12020; LWO 3863</subfield>
</datafield>
<datafield ind1=" " ind2=" " tag="090">
<subfield code="a">AFS L63-64 (LP sound recording)</subfield>
</datafield>
<datafield ind1=" " ind2=" " tag="090">
<subfield code="a">
Music 0441 (microfilm, field notes, map) (Music Division)
</subfield>
</datafield>
<datafield ind1=" " ind2=" " tag="090">
<subfield code="a">AFC 1960/001</subfield>
</datafield>
<datafield ind1="0" ind2="0" tag="245">
<subfield code="a">Paul Bowles Moroccan music collection,</subfield>
<subfield code="f">1957-1989 /</subfield>
<subfield code="c">
collected by Paul Bowles for the Library of Congress.
</subfield>
</datafield>
<datafield ind1=" " ind2=" " tag="300">
<subfield code="3">manuscripts</subfield>
<subfield code="a">1.25 linear ft.</subfield>
<subfield code="f">(2 boxes)</subfield>
</datafield>
<datafield ind1=" " ind2=" " tag="300">
<subfield code="a">2 sound discs :</subfield>
<subfield code="b">analog, 33 1/3 rpm ;</subfield>
<subfield code="c">12 in.</subfield>
</datafield>
<datafield ind1=" " ind2=" " tag="300">
<subfield code="a">65 sound tape reels (circa 65 hours) :</subfield>
<subfield code="b">analog, 2 track ;</subfield>
<subfield code="c">7 in.</subfield>
</datafield>
<datafield ind1=" " ind2=" " tag="300">
<subfield code="a">5 sound tape reels (circa 5 hours) :</subfield>
<subfield code="b">analog, 2 track ;</subfield>
<subfield code="c">7 in.</subfield>
</datafield>
<datafield ind1=" " ind2=" " tag="300">
<subfield code="a">18 photographic prints :</subfield>
<subfield code="b">black and white ;</subfield>
<subfield code="c">3 x 5 in.</subfield>
</datafield>
<datafield ind1=" " ind2=" " tag="351">
<subfield code="a">
Organized by format into the following series: I. Manuscripts; II. Microfilm; III. Sound Recordings; IV. Photographs; V. Map.
</subfield>
</datafield>
<datafield ind1=" " ind2=" " tag="500">
<subfield code="a">
Field notes provide substantial information on the following dances: Guedra, Ahouach, Taskiouine, Gnaoui. Information is also found on the following dances: Aqlal, Ahmeilou, Tahouacht, and dances of the Haha tribe.
</subfield>
</datafield>
<datafield ind1=" " ind2=" " tag="518">
<subfield code="a">
Recorded August-September 1959, and 1960-1962 in 23 locations in Morocco by Paul Bowles.
</subfield>
</datafield>
<datafield ind1=" " ind2=" " tag="520">
<subfield code="a">
An ethnographic field collection of sound recordings, photographs, and accompanying documentation of Moroccan folk, popular, religious, and art music. The collection includes recordings Paul Bowles made in 1959 during four six-week field trips sponsored by the Library of Congress with a grant from the Rockefeller Foundation as well as additional field recordings that he and Christopher Wanklyn made between 1960 and 1962. Bowles captured vocal and instrumental music of various tribes and indigenous people at 23 locations throughout the country. The collection includes dance music, secular music, music for Ramadan and other Islamic ceremonies, and music for animistic rituals. Berber and Arab music predominates, and Sephardic liturgical music and folk songs are included. Dance was often integral to the music events. Field notes and correspondence (1957-1989) describe the recorded events (including dance) and the project, and includes correspondence about the work leading to the publication of a selection of the recordings by the Library of Congress. Photographs are undated, and depict locations, performers and their musical instruments.
</subfield>
</datafield>
<datafield ind1="8" ind2=" " tag="524">
<subfield code="a">
Paul Bowles Moroccan Music Collection (AFC 1960/001), Archive of Folk Culture, American Folklife Center, Library of Congress, Washington, D.C.
</subfield>
</datafield>
<datafield ind1="0" ind2=" " tag="506">
<subfield code="a">
Collection is open for research. To request materials, please contact the Folklife Reading Room at https://hdl.loc.gov/loc.afc/folklife.contact
</subfield>
</datafield>
<datafield ind1=" " ind2=" " tag="540">
<subfield code="a">
Duplication of the recorded materials may be governed by copyright and other restrictions. Duplication for publication purposes requires the prior written permission of the collector's estate. Address is available in the American Folklife Center.
</subfield>
</datafield>
<datafield ind1=" " ind2=" " tag="545">
<subfield code="a">
Paul Bowles, an American-born writer, composer, and folk music collector, lived in Morocco beginning in the late 1930s. He has been described as the father of the Beat movement and a prominent figure in the American expatriate community in Tangier, Morocco. A well-known composer, his scores include the incidental music to such plays as Tennessee Williams' "The Glass Menagerie" and "Sweet Bird of Youth"; he worked with other artists such as Orson Wells, Elia Kazan, and Salvador Dali. As an author, he is best known for his novels such as The Sheltering Sky, Let It Come Down, and The Spider's House, and for his collections of short stories and travel essays. Extensive travel in Europe, North Africa, and South America provided material for his literary works as well as opportunities to collect folk music. He married novelist Jane Auer (1917-1973) in 1938. Paul Bowles died November 18, 1999 at the age of 88.
</subfield>
</datafield>
<datafield ind1=" " ind2=" " tag="546">
<subfield code="3">Manuscripts</subfield>
<subfield code="a">in English.</subfield>
</datafield>
<datafield ind1=" " ind2=" " tag="546">
<subfield code="3">Sound recordings</subfield>
<subfield code="a">in Berber languages, Arabic, and Hebrew.</subfield>
</datafield>
<datafield ind1="8" ind2=" " tag="555">
<subfield code="a">
Finding aid is available in the Folklife Reading Room and online
</subfield>
<subfield code="u">https://hdl.loc.gov/loc.afc/eadafc.af011004</subfield>
</datafield>
<datafield ind1="1" ind2="0" tag="600">
<subfield code="a">Bowles, Paul,</subfield>
<subfield code="d">1910-1999</subfield>
<subfield code="x">Ethnomusicological collections.</subfield>
</datafield>
<datafield ind1="1" ind2="0" tag="600">
<subfield code="a">Bowles, Paul,</subfield>
<subfield code="d">1910-1999</subfield>
<subfield code="v">Correspondence.</subfield>
</datafield>
<datafield ind1=" " ind2="0" tag="650">
<subfield code="a">Folk music</subfield>
<subfield code="z">Morocco.</subfield>
</datafield>
<datafield ind1=" " ind2="0" tag="650">
<subfield code="a">Islamic music</subfield>
<subfield code="z">Morocco.</subfield>
</datafield>
<datafield ind1=" " ind2="0" tag="650">
<subfield code="a">Music</subfield>
<subfield code="z">Morocco.</subfield>
</datafield>
<datafield ind1=" " ind2="0" tag="650">
<subfield code="a">Dance</subfield>
<subfield code="z">Morocco.</subfield>
</datafield>
<datafield ind1=" " ind2="0" tag="650">
<subfield code="a">Dance music</subfield>
<subfield code="z">Morocco.</subfield>
</datafield>
<datafield ind1=" " ind2="0" tag="650">
<subfield code="a">Popular music</subfield>
<subfield code="z">Morocco.</subfield>
</datafield>
<datafield ind1=" " ind2="0" tag="650">
<subfield code="a">Berbers</subfield>
<subfield code="z">Morocco</subfield>
<subfield code="v">Music.</subfield>
</datafield>
<datafield ind1=" " ind2="0" tag="650">
<subfield code="a">Arabs</subfield>
<subfield code="z">Morocco</subfield>
<subfield code="v">Music.</subfield>
</datafield>
<datafield ind1=" " ind2="0" tag="650">
<subfield code="a">Sephardim</subfield>
<subfield code="z">Morocco</subfield>
<subfield code="v">Music.</subfield>
</datafield>
<datafield ind1=" " ind2="0" tag="650">
<subfield code="a">Percussion music</subfield>
<subfield code="z">Morocco.</subfield>
</datafield>
<datafield ind1=" " ind2="0" tag="650">
<subfield code="a">Rites and ceremonies</subfield>
<subfield code="z">Morocco.</subfield>
</datafield>
<datafield ind1=" " ind2="0" tag="650">
<subfield code="a">Jews, Moroccan</subfield>
<subfield code="v">Music.</subfield>
</datafield>
<datafield ind1=" " ind2="0" tag="650">
<subfield code="a">Songs, Arabic</subfield>
<subfield code="z">Morocco.</subfield>
</datafield>
<datafield ind1=" " ind2="0" tag="650">
<subfield code="a">Songs, Berber</subfield>
<subfield code="z">Morocco.</subfield>
</datafield>
<datafield ind1=" " ind2="0" tag="650">
<subfield code="a">Berbers</subfield>
<subfield code="x">Clothing</subfield>
<subfield code="z">Morocco.</subfield>
</datafield>
<datafield ind1=" " ind2="0" tag="650">
<subfield code="a">Sword-dance</subfield>
<subfield code="z">Morocco.</subfield>
</datafield>
<datafield ind1=" " ind2="0" tag="650">
<subfield code="a">Musical instruments</subfield>
<subfield code="z">Morocco</subfield>
<subfield code="v">Photographs.</subfield>
</datafield>
<datafield ind1=" " ind2="0" tag="650">
<subfield code="a">Musicians</subfield>
<subfield code="z">Morocco</subfield>
<subfield code="v">Photographs.</subfield>
</datafield>
<datafield ind1=" " ind2="0" tag="650">
<subfield code="a">Field recordings</subfield>
<subfield code="z">Morocco.</subfield>
</datafield>
<datafield ind1=" " ind2="7" tag="655">
<subfield code="a">Ethnography.</subfield>
<subfield code="2">aat</subfield>
</datafield>
<datafield ind1=" " ind2="7" tag="655">
<subfield code="a">Field notes.</subfield>
<subfield code="2">aat</subfield>
</datafield>
<datafield ind1=" " ind2="7" tag="655">
<subfield code="a">Sound recordings.</subfield>
<subfield code="2">aat</subfield>
</datafield>
<datafield ind1=" " ind2="7" tag="655">
<subfield code="a">Manuscripts.</subfield>
<subfield code="2">aat</subfield>
</datafield>
<datafield ind1=" " ind2="7" tag="655">
<subfield code="a">Maps.</subfield>
<subfield code="2">aat</subfield>
</datafield>
<datafield ind1=" " ind2="7" tag="655">
<subfield code="a">Photographic prints.</subfield>
<subfield code="2">aat</subfield>
</datafield>
<datafield ind1=" " ind2="7" tag="655">
<subfield code="a">Microfilms.</subfield>
<subfield code="2">aat</subfield>
</datafield>
<datafield ind1=" " ind2="7" tag="655">
<subfield code="a">Field recordings.</subfield>
<subfield code="2">lcgft</subfield>
</datafield>
<datafield ind1="1" ind2=" " tag="700">
<subfield code="a">Bowles, Paul,</subfield>
<subfield code="d">1910-1999,</subfield>
<subfield code="e">collector.</subfield>
</datafield>
<datafield ind1="1" ind2=" " tag="700">
<subfield code="a">Wanklyn, Christopher,</subfield>
<subfield code="e">collector.</subfield>
</datafield>
<datafield ind1="2" ind2=" " tag="710">
<subfield code="a">Archive of Folk Song (U.S.),</subfield>
<subfield code="e">collector,</subfield>
<subfield code="e">sponsor.</subfield>
</datafield>
<datafield ind1="0" ind2="2" tag="740">
<subfield code="a">Music of Morocco from the Archive of Folk Song</subfield>
</datafield>
<datafield ind1=" " ind2=" " tag="852">
<subfield code="a">Library of Congress</subfield>
<subfield code="b">American Folklife Center,</subfield>
<subfield code="e">
101 Independence Ave. S.E., Washington, DC USA 20540-4610
</subfield>
<subfield code="u">https://hdl.loc.gov/loc.afc/folklife.home</subfield>
</datafield>
<datafield ind1="4" ind2="2" tag="856">
<subfield code="3">Finding aid</subfield>
<subfield code="u">https://hdl.loc.gov/loc.afc/eadafc.af011004</subfield>
</datafield>
<datafield ind1="4" ind2="1" tag="856">
<subfield code="3">
Items from this collection may be available online via Archnet
</subfield>
<subfield code="u">https://hdl.loc.gov/loc.afc/archnet.afc1960001</subfield>
</datafield>
<datafield ind1=" " ind2=" " tag="985">
<subfield code="a">AFC/Bowles</subfield>
<subfield code="e">DHC</subfield>
</datafield>
<datafield ind1=" " ind2=" " tag="985">
<subfield code="a">afc/ead</subfield>
</datafield>
<datafield ind1=" " ind2=" " tag="985">
<subfield code="a">afc/coll</subfield>
</datafield>
</record>
</collection>